@article{Neronov2020AnTelescope,
    title = {{An online data analysis system of INTEGRAL telescope}},
    year = {2020},
    author = {Neronov, A. and Savchenko, V. and Tramacere, A. and Meharga, M. and Ferrigno, C. and Paltani, S.},
    month = {2},
    url = {http://arxiv.org/abs/2002.12895 http://dx.doi.org/10.1051/0004-6361/202037850},
    doi = {10.1051/0004-6361/202037850},
    arxivId = {2002.12895}
}

@article{Dennerl2002DiscoveryChandra,
    title = {{Discovery of X-rays from Venus with Chandra}},
    year = {2002},
    journal = {Astronomy and Astrophysics},
    author = {Dennerl, Ko and Burwitz, V. and Englhauser, J. and Lisse, C. and Wolk, S.},
    number = {1},
    pages = {319--330},
    volume = {386},
    publisher = {EDP Sciences},
    doi = {10.1051/0004-6361:20020097},
    issn = {00046361},
    keywords = {Atomic processes, Molecular processes, Planets and satellites: individual: Venus, Scattering, Sun: X-rays, gamma rays, X-rays: general}
}

@misc{Futaana2017SolarAtmosphere,
    title = {{Solar Wind Interaction and Impact on the Venus Atmosphere}},
    year = {2017},
    booktitle = {Space Science Reviews},
    author = {Futaana, Yoshifumi and Stenberg Wieser, Gabriella and Barabash, Stas and Luhmann, Janet G.},
    number = {3-4},
    month = {11},
    pages = {1453--1509},
    volume = {212},
    publisher = {Springer Netherlands},
    doi = {10.1007/s11214-017-0362-8},
    issn = {15729672},
    keywords = {Atmospheric loss, Erosion, Induced magnetosphere, Plasma, Proton cyclotron wave, Solar wind, Venus, Venus express}
}

@techreport{Goldwurm2003The,
    title = {{The INTEGRAL/IBIS Scientific Data Analysis ⋆}},
    year = {2003},
    author = {Goldwurm, A and David, P and Foschini, L and Gros, A and Laurent, P and Sauvageon, A and Bird, A J and Lerusse, L and Produit, N},
    keywords = {Coded Masks, Gamma-Rays, Imaging}
}

@article{Afshari2016X-RAYINGMAGNETOTAIL,
    title = {{X-RAYING THE DARK SIDE OF VENUS—SCATTER FROM VENUS’ MAGNETOTAIL?}},
    year = {2016},
    journal = {The Astronomical Journal},
    author = {Afshari, M. and Peres, G. and Jibben, P. R. and Petralia, A. and Reale, F. and Weber, M.},
    number = {4},
    month = {10},
    pages = {107},
    volume = {152},
    publisher = {American Astronomical Society},
    doi = {10.3847/0004-6256/152/4/107},
    issn = {00046256}
}